@misc{hallgren2013local,
      title={The Local Hamiltonian problem on a line with eight states is QMA-complete}, 
      author={Sean Hallgren and Daniel Nagaj and Sandeep Narayanaswami},
      year={2013},
      eprint={1312.1469},
      archivePrefix={arXiv},
      primaryClass={quant-ph}
}

@misc{nagaj2008local,
      title={Local Hamiltonians in Quantum Computation}, 
      author={Daniel Nagaj},
      year={2008},
      eprint={0808.2117},
      archivePrefix={arXiv},
      primaryClass={quant-ph}
}

@article{Melissinos_2018,
   title={A Faster FPTAS for the Subset-Sums Ratio Problem},
   ISBN={9783319947761},
   ISSN={1611-3349},
   url={http://dx.doi.org/10.1007/978-3-319-94776-1_50},
   DOI={10.1007/978-3-319-94776-1_50},
   journal={Computing and Combinatorics},
   publisher={Springer International Publishing},
   author={Melissinos, Nikolaos and Pagourtzis, Aris},
   year={2018},
   pages={602â€“614}
}
