@article{einstein,
    author = "Albert Einstein",
    title = "{Zur Elektrodynamik bewegter K{\"o}rper}. ({German})
    [{On} the electrodynamics of moving bodies]",
    journal = "Annalen der Physik",
    volume = "322",
    number = "10",
    pages = "891--921",
    year = "1905",
    DOI = "http://dx.doi.org/10.1002/andp.19053221004",
    keywords = "physics"
}

@article{CGS02,
author = "Claude Cr√©peau, Daniel Gottesman and Adam Smith",
    title = "Secure Multi-party Quantum Computation",
    year="2002",
    DOI = "arXiv:quant-ph/0206138"
} 

@article{kitaev,
    author ="A. Yu. Kitaev",
    year = "1995",
    link = "arXiv:quant-ph/9511026"
}

@article{Bookatz,
    author ="Adam D. Bookatz",
    year = "2012",
    link = "arXiv:quant-ph/12126312"
}

@article{SecBenor,
author="Michael Ben Or",
year ="2008",
DOI = "arxiv:quant-ph/08011544"

}

@article{algo,
autor="Michael Jarret, Stacey Jeffery, Shelby Kimmel, Alvaro Piedrafita",
year= "2018",
name ="Quantum Algorithms for Connectivity and Related Problems",
arXiv="arXiv:1804.10591"
}
